%@ARTICLE{Figueredo:2009dg,
   author = {Figueredo, A.~J. and Wolf, P. S.~A.},
   title = {Assortative pairing and life history strategy -- a cross-cultural study},
   journal = {Human Nature},
   volume = {20},
   pages = {317-330},
   year = {2009},
   doi={https://doi.org/10.1007/s12110-009-9068-2}
}

%@MISC{Hao:gidmaps:2014,
  author = {Hao, Z. and AghaKouchak, A. and Nakhjiri, N. and Farahmand, A},
  year = {2014},
  title = {Global integrated drought monitoring and prediction system ({GIDMaPS}) data sets},
  howpublished = {\emph{figshare} \url{http://dx.doi.org/10.6084/m9.figshare.853801}}
}
%@MISC{arb,
  author = {test, Z. and AghaKouchak, A. and Nakhjiri, N. and Farahmand, A},
  year = {2019},
  title = {Global integrated drought monitoring and prediction system ({GIDMaPS}) data sets},
  howpublished = {\emph{figshare} \url{http://dx.doi.org/10.6084/m9.figshare.853801}}
}

@article{sporadic,
  title={Build a Sporadic Group in Your Basement},
  author={Becker, Paul E and Derka, Martin and Houghten, Sheridan and Ulrich, Jennifer},
  journal={The American Mathematical Monthly},
  volume={124},
  number={4},
  pages={291--305},
  year={2017},
  publisher={Taylor \& Francis}
}

@article{a,
  title={Build a Sporadic Group in Your Basement},
  author={Becker, Paul E and Derka, Martin and Houghten, Sheridan and Ulrich, Jennifer},
  journal={The American Mathematical Monthly},
  volume={124},
  number={4},
  pages={291--305},
  year={2017},
  publisher={Taylor \& Francis}
}

@article{physics,
  title={Introduction to sporadic groups},
  author={Boya, Luis J and others},
  journal={SIGMA. Symmetry, Integrability and Geometry: Methods and Applications},
  volume={7},
  pages={009},
  year={2011},
  publisher={SIGMA. Symmetry, Integrability and Geometry: Methods and Applications}
}

@article{basics,
  title={The status of the classification of the finite simple groups},
  author={Aschbacher, Michael},
  journal={Notices of the American Mathematical Society},
  volume={51},
  number={7},
  pages={736--740},
  year={2004},
  publisher={American Mathematical Society}
}

@misc{aut,
  title={The Witt designs, Golay codes and Mathieu groups. Notes},
  author={Brouwer, Andries E},
  howpublished={https://www.win.tue.nl/~aeb/2WF02/Witt.pdf},
}
